<?xml version="1.0" encoding="UTF-8"?><collection xmlns="http://www.loc.gov/MARC21/slim"><record><leader>00472nam--2200169-i-4500</leader><controlfield tag="001">000000302</controlfield><controlfield tag="002">20161230</controlfield><controlfield tag="005">20161230201024</controlfield><controlfield tag="008">060222s1000------------r-----000-0-rus-d</controlfield><datafield ind1=" " ind2=" " tag="040"><subfield code="a">IFIN-HH</subfield></datafield><datafield ind1=" " ind2=" " tag="041"><subfield code="a">rus</subfield></datafield><datafield ind1=" " ind2=" " tag="080"><subfield code="a">539.1</subfield></datafield><datafield ind1="1" ind2=" " tag="100"><subfield code="a">Klecikovskii, V.M</subfield></datafield><datafield ind1="1" ind2="0" tag="245"><subfield code="a">Raspredelenie atomnih elektronov i pravilo posledovatelnogo zapolnenia (n+l)-grupp</subfield><subfield code="c">V.m. klecikovskii</subfield></datafield><datafield ind1=" " ind2=" " tag="260"><subfield code="a">Moskva</subfield><subfield code="b">Atomizdat</subfield><subfield code="c">1968</subfield></datafield><datafield ind1=" " ind2=" " tag="852"><subfield code="a">30563</subfield><subfield code="c">539</subfield></datafield><datafield ind1=" " ind2=" " tag="CAT"><subfield code="a">Sys</subfield><subfield code="c">20111005</subfield><subfield code="h">161458</subfield></datafield></record></collection>